<?xml version="1.0" encoding="UTF-8" ?><marc:collection xmlns:marc="http://www.loc.gov/MARC21/slim" xmlns:xsi="http://www.w3.org/2001/XMLSchema-instance" xsi:schemaLocation="http://www.loc.gov/MARC21/slim http://www.loc.gov/standards/marcxml/schema/MARC21slim.xsd">
<marc:record><marc:leader>03116cam a2200433Mi 4500</marc:leader>
<marc:controlfield tag="001">b14412238</marc:controlfield>
<marc:controlfield tag="003">UaCaAUL</marc:controlfield><marc:controlfield tag="005">20171109034201.0</marc:controlfield><marc:controlfield tag="008">920519s1940    mr f         f000 0 ara d</marc:controlfield><marc:datafield tag="035" ind1=" " ind2=" "><marc:subfield code="a">(OCoLC)33995842</marc:subfield></marc:datafield><marc:datafield tag="040" ind1=" " ind2=" "><marc:subfield code="a">HLS</marc:subfield><marc:subfield code="b">eng</marc:subfield><marc:subfield code="e">rda</marc:subfield><marc:subfield code="c">HLS</marc:subfield><marc:subfield code="d">OCL</marc:subfield><marc:subfield code="d">GZM</marc:subfield><marc:subfield code="d">MEAUC</marc:subfield><marc:subfield code="d">OCLCF</marc:subfield><marc:subfield code="d">OCLCQ</marc:subfield><marc:subfield code="d">MEAUC</marc:subfield></marc:datafield><marc:datafield tag="041" ind1="0" ind2=" "><marc:subfield code="a">ara</marc:subfield><marc:subfield code="a">spa</marc:subfield></marc:datafield><marc:datafield tag="043" ind1=" " ind2=" "><marc:subfield code="a">f-mr---</marc:subfield></marc:datafield><marc:datafield tag="049" ind1=" " ind2=" "><marc:subfield code="a">MAIN</marc:subfield></marc:datafield><marc:datafield tag="050" ind1=" " ind2="4"><marc:subfield code="a">DT311</marc:subfield><marc:subfield code="b">.M6 1940</marc:subfield></marc:datafield><marc:datafield tag="066" ind1=" " ind2=" "><marc:subfield code="c">(3</marc:subfield></marc:datafield><marc:datafield tag="090" ind1=" " ind2=" "><marc:subfield code="a">DT311</marc:subfield><marc:subfield code="b">.M6 1940</marc:subfield></marc:datafield><marc:datafield tag="100" ind1="1" ind2=" "><marc:subfield code="6">880-01</marc:subfield><marc:subfield code="a">Montalbán y de Mazas, César Luis de.</marc:subfield></marc:datafield><marc:datafield tag="245" ind1="1" ind2="0"><marc:subfield code="6">880-02</marc:subfield><marc:subfield code="a">Ḥafrīyāt Idmirkūrī wa-Ṭābirnis :</marc:subfield><marc:subfield code="b">mulakhkhaṣ al-mudhakkirah allatī rafaʻahā ilá al-Majlis al-Aʻlá lil-Āthār wa-al-ʻādīyāt al-qadīmah al-Sayyid Qayṣar Munṭalbān bi-natāʼij al-ḥafrīyāt allatī ujriyat fī khilāl sanat 1939 = Resumen de la memoria presentada ante esta junta por D. Cesar L. Montalbán referente a los trabajos efectuados en el año 1939 en las ruinas de Ad-Mercuri y Tabernes (región occidental)</marc:subfield></marc:datafield><marc:datafield tag="246" ind1="3" ind2="1"><marc:subfield code="a">Resumen de la memoria presentada ante esta junta por D. Cesar L. Montalbán referente a los trabajos efectuados en el año 1939 en las ruinas de Ad-Mercuri y Tabernes (región occidental)</marc:subfield></marc:datafield><marc:datafield tag="264" ind1=" " ind2="1"><marc:subfield code="6">880-03</marc:subfield><marc:subfield code="a">al-ʻArāʼish, al-Maghrib :</marc:subfield><marc:subfield code="b">iʻtaná bi-nashrihā bi-al-lughatayn Maʻhad al-Jinirāl Frankū lil-Abḥāth al-ʻArabīyah-al-Isbānīyah,</marc:subfield><marc:subfield code="c">1940.</marc:subfield></marc:datafield><marc:datafield tag="264" ind1=" " ind2="3"><marc:subfield code="6">880-04</marc:subfield><marc:subfield code="a">al-ʻArāʼish, al-Maghrib :</marc:subfield><marc:subfield code="b">Maṭbaʻat al-Funūn al-Muṣawwarah Būskā.</marc:subfield></marc:datafield><marc:datafield tag="300" ind1=" " ind2=" "><marc:subfield code="a">15, 14 pages, 2 unnumbered pages, 11 unnumbered leaves of plates ;</marc:subfield><marc:subfield code="c">25 cm.</marc:subfield></marc:datafield><marc:datafield tag="336" ind1=" " ind2=" "><marc:subfield code="a">text</marc:subfield><marc:subfield code="b">txt</marc:subfield><marc:subfield code="2">rdacontent.</marc:subfield></marc:datafield><marc:datafield tag="337" ind1=" " ind2=" "><marc:subfield code="a">unmediated</marc:subfield><marc:subfield code="b">n</marc:subfield><marc:subfield code="2">rdamedia.</marc:subfield></marc:datafield><marc:datafield tag="338" ind1=" " ind2=" "><marc:subfield code="a">volume</marc:subfield><marc:subfield code="b">nc</marc:subfield><marc:subfield code="2">rdacarrier.</marc:subfield></marc:datafield><marc:datafield tag="490" ind1="0" ind2=" "><marc:subfield code="6">880-05</marc:subfield><marc:subfield code="a">Ḥimāyah al-Isbānīyah bi-al-Maghrib : Majlis al-Aʻlá lil-Āthār al-Tārīkhīyah wa-al-Fannīyah ;</marc:subfield><marc:subfield code="v">raqm 1.</marc:subfield></marc:datafield><marc:datafield tag="500" ind1=" " ind2=" "><marc:subfield code="a">Title on added title page: Resumen de la memoria presentada ante esta junta por D. Cesar L. Montalbán referente a los trabajos efectuados en el año 1939 en las ruinas de Ad-Mercuri y Tabernes (región occidental)</marc:subfield></marc:datafield><marc:datafield tag="546" ind1=" " ind2=" "><marc:subfield code="a">Arabic and Spanish.</marc:subfield></marc:datafield><marc:datafield tag="651" ind1=" " ind2="0"><marc:subfield code="a">Morocco</marc:subfield><marc:subfield code="x">Antiquities.</marc:subfield></marc:datafield><marc:datafield tag="880" ind1="1" ind2=" "><marc:subfield code="6">100-01/(3/r</marc:subfield><marc:subfield code="a">منطلبان، قيصر..</marc:subfield></marc:datafield><marc:datafield tag="880" ind1="1" ind2="0"><marc:subfield code="6">245-02/(3/r</marc:subfield><marc:subfield code="a">حفريات ادمركوري وطابرنس :‪</marc:subfield><marc:subfield code="b">ملخص المذكرة التي رفعها الى المجلس الاعلى للآثار والعاديات القديمة السيد قيصر منطلبان بنتائج الحفريات التي أجريت في خلال سنة 1939.</marc:subfield></marc:datafield><marc:datafield tag="880" ind1=" " ind2="1"><marc:subfield code="6">264-03/(3/r</marc:subfield><marc:subfield code="a">العرائش، المغرب :‪</marc:subfield><marc:subfield code="b">اعتنى بنشرها باللغتين معهد الجنرال فرنكو للابحاث العربية-الاسبانية،‪</marc:subfield><marc:subfield code="c">1940.</marc:subfield></marc:datafield><marc:datafield tag="880" ind1=" " ind2="3"><marc:subfield code="6">264-04/(3/r</marc:subfield><marc:subfield code="a">العرائش، المغرب :‪</marc:subfield><marc:subfield code="b">مطبعة الفنون المصورة بوسكا..</marc:subfield></marc:datafield><marc:datafield tag="880" ind1="0" ind2=" "><marc:subfield code="6">490-05/(3/r</marc:subfield><marc:subfield code="a">حماية الاسبانية بالمغرب : مجلس الأعلى للآثار التاريخية والفنية ؛‪</marc:subfield><marc:subfield code="v">رقم1.</marc:subfield></marc:datafield><marc:datafield tag="907" ind1=" " ind2=" "><marc:subfield code="a">.b14412238</marc:subfield><marc:subfield code="b">main </marc:subfield></marc:datafield><marc:datafield tag="902" ind1=" " ind2=" "><marc:subfield code="a">180402</marc:subfield></marc:datafield><marc:datafield tag="998" ind1=" " ind2=" "><marc:subfield code="b">1</marc:subfield><marc:subfield code="c">080116</marc:subfield><marc:subfield code="d">m</marc:subfield><marc:subfield code="e">a</marc:subfield><marc:subfield code="f">-</marc:subfield><marc:subfield code="g">0</marc:subfield><marc:subfield code="k">TA</marc:subfield></marc:datafield><marc:datafield tag="945" ind1=" " ind2=" "><marc:subfield code="l">main </marc:subfield></marc:datafield></marc:record>
</marc:collection>
